 @article{Chao,
    author = {Miao Chao, Xueming Chen, Tour Liu, Haibo Yang, Brian J. Hall},
    title = {Psychological distress and state boredom during the COVID-19 outbreak in China: the role of meaning in life and media use},
    journal = "European Journal of Psychotraumatology",
    volume = "11",
    number = "1",
    year = "2020",
    DOI = "https://doi.org/10.1080/20008198.2020.1769379",
    keywords = "boredom"
}

@article{einstein,
    author = "Albert Einstein",
    title = "{Zur Elektrodynamik bewegter K{\"o}rper}. ({German})
    [{On} the electrodynamics of moving bodies]",
    journal = "Annalen der Physik",
    volume = "322",
    number = "10",
    pages = "891--921",
    year = "1905",
    DOI = "http://dx.doi.org/10.1002/andp.19053221004",
    keywords = "physics"
}
 
@book{dirac,
    title = {The Principles of Quantum Mechanics},
    author = {Paul Adrien Maurice Dirac},
    isbn = {9780198520115},
    series = {International series of monographs on physics},
    year = {1981},
    publisher = {Clarendon Press},
    keywords = {physics}
}

@article{Edwards,
    author = "Owen Edwards",
    title = {Simonized: In 1978 a new electronic toy ushered in the area of computer games},
    journal = "National Museum of American History S.I.",
    year = "2020",
    DOI = "http://www.smithsonianmagazine.com/issues/2006/september/object.php",
    keywords = "simon,edwards"
}
 @article{Townshend,
    author = "Allie Townshend",
    title = {All-TIME 100 Greatest Toys},
    journal = "TIME",
    year = "2020",
    DOI = "https://content.time.com/time/specials/packages/article/0,28804,2049243_2048657_2049188,00.html",
    keywords = "simon,TIME"
}
 
 
@online{knuthwebsite,
    author = "Donald Knuth",
    title = "Knuth: Computers and Typesetting",
    url  = "http://www-cs-faculty.stanford.edu/~uno/abcde.html",
    addendum = "(accessed: 01.09.2016)",
    keywords = "latex,knuth"
}
 
@inbook{knuth-fa,
    author = "Donald E. Knuth",
    title = "Fundamental Algorithms",
    publisher = "Addison-Wesley",
    year = "1973",
    chapter = "1.2",
    keywords  = "knuth,programming"
}